<record><leader>03101cam a2200529 i 4500</leader><controlfield tag="001">6775768</controlfield><controlfield tag="003">OCoLC</controlfield><controlfield tag="005">20150105103831.0</controlfield><controlfield tag="008">140703t20152015nyu      b    001 0 eng  </controlfield><datafield ind1=" " ind2=" " tag="010"><subfield code="a">  2014004887</subfield></datafield><datafield ind1=" " ind2=" " tag="015"><subfield code="a">GBB4C9513</subfield><subfield code="2">bnb</subfield></datafield><datafield ind1="7" ind2=" " tag="016"><subfield code="a">016945938</subfield><subfield code="2">Uk</subfield></datafield><datafield ind1=" " ind2=" " tag="020"><subfield code="a">9780231137096</subfield><subfield code="q">cloth : alk. paper</subfield></datafield><datafield ind1=" " ind2=" " tag="020"><subfield code="a">0231137095</subfield><subfield code="q">cloth : alk. paper</subfield></datafield><datafield ind1=" " ind2=" " tag="020"><subfield code="z">9780231538312</subfield><subfield code="q">electronic</subfield></datafield><datafield ind1=" " ind2=" " tag="035"><subfield code="a">ocn883206868</subfield></datafield><datafield ind1=" " ind2=" " tag="040"><subfield code="a">DLC</subfield><subfield code="b">eng</subfield><subfield code="e">rda</subfield><subfield code="c">DLC</subfield><subfield code="d">IG#</subfield><subfield code="d">YDXCP</subfield><subfield code="d">OCLCQ</subfield><subfield code="d">EUW</subfield><subfield code="d">UKMGB</subfield><subfield code="d">UAB</subfield></datafield><datafield ind1="0" ind2="0" tag="050"><subfield code="a">B808.9</subfield><subfield code="b">.T456 2015</subfield></datafield><datafield ind1="0" ind2="0" tag="082"><subfield code="a">128/.2</subfield><subfield code="2">23</subfield></datafield><datafield ind1=" " ind2=" " tag="090"><subfield code="a">B 808.9 T456 2015</subfield><subfield code="b">ARDC</subfield></datafield><datafield ind1=" " ind2=" " tag="090"><subfield code="a">B 808.9 T456 2015</subfield><subfield code="b">AEU</subfield></datafield><datafield ind1=" " ind2=" " tag="090"><subfield code="a">B808.9 .T456 2015</subfield><subfield code="b">AEGMCT</subfield></datafield><datafield ind1="1" ind2=" " tag="100"><subfield code="a">Thompson, Evan,</subfield><subfield code="e">author.</subfield></datafield><datafield ind1="1" ind2="0" tag="245"><subfield code="a">Waking, dreaming, being :</subfield><subfield code="b">self and consciousness in neuroscience, meditation, and philosophy /</subfield><subfield code="c">Evan Thompson ; foreword by Stephen Batchelor.</subfield></datafield><datafield ind1=" " ind2="1" tag="264"><subfield code="a">New York :</subfield><subfield code="b">Columbia University Press,</subfield><subfield code="c">[2015]</subfield></datafield><datafield ind1=" " ind2="4" tag="264"><subfield code="c">&#169;2015</subfield></datafield><datafield ind1=" " ind2=" " tag="300"><subfield code="a">xl, 453 pages ;</subfield><subfield code="c">24 cm</subfield></datafield><datafield ind1=" " ind2=" " tag="336"><subfield code="a">text</subfield><subfield code="b">txt</subfield><subfield code="2">rdacontent</subfield></datafield><datafield ind1=" " ind2=" " tag="337"><subfield code="a">unmediated</subfield><subfield code="b">n</subfield><subfield code="2">rdamedia</subfield></datafield><datafield ind1=" " ind2=" " tag="338"><subfield code="a">volume</subfield><subfield code="b">nc</subfield><subfield code="2">rdacarrier</subfield></datafield><datafield ind1=" " ind2=" " tag="504"><subfield code="a">Includes bibliographical references (pages [409]-432) and index.</subfield></datafield><datafield ind1="0" ind2=" " tag="505"><subfield code="a">The Dalai Lama's conjecture -- Seeing: what is consciousness? -- Waking: how do we perceive? -- Being: what is pure awareness? -- Dreaming: who am I? -- Witnessing: is this a dream? -- Imagining: are we real? -- Floating: where am I? -- Sleeping: are we conscious in deep sleep? -- Dying: what happens when we die? -- Knowing: is the self an illusion?</subfield></datafield><datafield ind1=" " ind2=" " tag="520"><subfield code="a">"A renowned philosopher of the mind, also known for his groundbreaking work on Buddhism and cognitive science, Evan Thompson combines the latest neuroscience research on sleep, dreaming, and meditation with Indian and Western philosophy of the mind, casting new light on the self and its relation to the brain. Contemplative traditions say that we can learn to let go of the self, so that when we die we can witness its dissolution with equanimity. Thompson weaves together neuroscience, philosophy, and personal narrative to depict these transformations, adding uncommon depth to life's profound questions. Contemplative experience comes to illuminate scientific findings, and scientific evidence enriches the vast knowledge acquired by contemplatives."--Publisher.</subfield></datafield><datafield ind1=" " ind2=" " tag="596"><subfield code="a">16 29 35</subfield></datafield><datafield ind1=" " ind2="0" tag="650"><subfield code="a">Consciousness.</subfield></datafield><datafield ind1=" " ind2="0" tag="650"><subfield code="a">Self.</subfield></datafield><datafield ind1="1" ind2="2" tag="650"><subfield code="a">Consciousness.</subfield></datafield><datafield ind1="1" ind2="2" tag="650"><subfield code="a">Consciousness</subfield><subfield code="x">physiology.</subfield></datafield><datafield ind1="1" ind2="2" tag="650"><subfield code="a">Dreams</subfield><subfield code="x">physiology.</subfield></datafield><datafield ind1="1" ind2="2" tag="650"><subfield code="a">Ego.</subfield></datafield><datafield ind1="1" ind2="2" tag="650"><subfield code="a">Meditation.</subfield></datafield><datafield ind1="1" ind2="2" tag="650"><subfield code="a">Philosophy.</subfield></datafield><datafield ind1="1" ind2=" " tag="700"><subfield code="a">Batchelor, Stephen,</subfield><subfield code="e">writer of preface.</subfield></datafield><datafield ind1=" " ind2=" " tag="949"><subfield code="a">B 808.9 T456 2015</subfield><subfield code="c">1</subfield><subfield code="h">UAAU-B</subfield><subfield code="i">0162035219821</subfield></datafield><datafield ind1=" " ind2=" " tag="926"><subfield code="a">B 808.9 T456 2015</subfield><subfield code="w">LC</subfield><subfield code="c">1</subfield><subfield code="i">0162034577831</subfield><subfield code="d">11/19/2015</subfield><subfield code="e">10/8/2015</subfield><subfield code="l">ON_SHELF</subfield><subfield code="m">UAAUG</subfield><subfield code="n">4</subfield><subfield code="p">$150.00</subfield><subfield code="r">Y</subfield><subfield code="s">Y</subfield><subfield code="t">BOOK</subfield><subfield code="u">1/14/2015</subfield></datafield><datafield ind1=" " ind2=" " tag="926"><subfield code="a">B808.9 .T456 2015</subfield><subfield code="w">LC</subfield><subfield code="c">1</subfield><subfield code="i">1007434242</subfield><subfield code="d">4/22/2015</subfield><subfield code="e">4/8/2015</subfield><subfield code="l">ON_SHELF</subfield><subfield code="m">GR_MACEWAN</subfield><subfield code="n">4</subfield><subfield code="p">$35.46</subfield><subfield code="r">Y</subfield><subfield code="s">Y</subfield><subfield code="t">BOOK</subfield><subfield code="u">1/20/2015</subfield></datafield><datafield ind1=" " ind2=" " tag="926"><subfield code="a">B 808.9 T456 2015</subfield><subfield code="w">LC</subfield><subfield code="c">1</subfield><subfield code="i">30125302462022</subfield><subfield code="d">1/20/2016</subfield><subfield code="e">1/12/2016</subfield><subfield code="l">FLOOR_2</subfield><subfield code="m">RED_DEER_C</subfield><subfield code="n">1</subfield><subfield code="r">Y</subfield><subfield code="s">Y</subfield><subfield code="t">BOOK</subfield><subfield code="u">10/6/2015</subfield></datafield></record>